@incollection{MGZ14,
  title={{Service-Oriented Programming with Jolie}},
  author={Montesi, Fabrizio and Guidi, Claudio and Zavattaro, Gianluigi},
  booktitle={Web Services Foundations},
  pages={81--107},
  year={2014},
  publisher={Springer}
}

@article{DGL16,
  title={{Microservices: yesterday, today, and tomorrow}},
  author={Dragoni, Nicola and Giallorenzo, Saverio and Lafuente, Alberto Lluch and Mazzara, Manuel and Montesi, Fabrizio and Mustafin, Ruslan and Safina, Larisa},
  journal={arXiv preprint arXiv:1606.04036},
  year={2016}
}

@article{MMSL16,
  title={{Towards Microservices and Beyond: An incoming Paradigm Shift in Distributed Computing}},
  author={Mazzara, Manuel and Mustafin, Ruslan and Safina, Larisa and Lanese, Ivan},
  journal={arXiv preprint arXiv:1610.01778},
  year={2016}
}

@article{McK17,
  author    = {Paul E. McKenney},
  title     = {{Is Parallel Programming Hard, And, If So, What Can You Do About It?
               (v2017.01.02a)}},
  journal   = {arXiv preprint arXiv:1701.00854},
  url       = {http://arxiv.org/abs/1701.00854},
  year={2017}
}

@inproceedings{AAE16,
  title={{A Systematic Mapping Study in Microservice Architecture}},
  author={Alshuqayran, Nuha and Ali, Nour and Evans, Roger},
  booktitle={Service-Oriented Computing and Applications (SOCA), 2016 IEEE 9th International Conference on},
  pages={44--51},
  year={2016},
  organization={IEEE}
}

@misc{FL17,
	author = {Fowler, Martin and Lewis, James},
	title = {Microservices},
	year = {2014 (accessed April 2, 2017)},
	howpublished = "\url{http://martinfowler.com/articles/microservices.html}"}
}

@article{Sny93,
  title={The essence of objects: Concepts and terms},
  author={Snyder, Alan},
  journal={IEEE software},
  volume={10},
  number={1},
  pages={31--42},
  year={1993},
  publisher={IEEE}
}