@book{Aba96,
  author    = {Mart{\'{\i}}n Abadi and
               Luca Cardelli},
  title     = {{A Theory of Objects}},
  series    = {Monographs in Computer Science},
  publisher = {Springer},
  year      = {1996},
  url       = {https://doi.org/10.1007/978-1-4419-8598-9},
  doi       = {10.1007/978-1-4419-8598-9},
  isbn      = {978-0-387-94775-4}
}

@inproceedings{Agh85,
  author    = {Gul Agha and
               Carl Hewitt},
  title     = {{Concurrent Programming Using Actors: Exploiting Large-Scale Parallelism}},
  booktitle = {Foundations of Software Technology and Theoretical Computer Science,
               Fifth Conference, New Delhi, India, December 16-18, 1985, Proceedings},
  pages     = {19--41},
  year      = {1985},
  url       = {https://doi.org/10.1007/3-540-16042-6_2},
  doi       = {10.1007/3-540-16042-6_2}
}

@article{Agh90,
  author    = {Gul Agha},
  title     = {{Concurrent Object-Oriented Programming}},
  journal   = {Commun. {ACM}},
  volume    = {33},
  number    = {9},
  pages     = {125--141},
  year      = {1990},
  url       = {http://doi.acm.org/10.1145/83880.84528},
  doi       = {10.1145/83880.84528}
}

@phdthesis{Ahm14,
  author    = {Salman Azeem Ahmad},
  title     = {{Programming Language Design for Service-Oriented Systems}},
  school    = {Massachusetts Institute of Technology, Cambridge, MA, {USA}},
  year      = {2014},
  url       = {http://hdl.handle.net/1721.1/92961}
}

@inproceedings{Als16,
  author    = {Nuha Alshuqayran and
               Nour Ali and
               Roger Evans},
  title     = {{A Systematic Mapping Study in Microservice Architecture}},
  booktitle = {9th {IEEE} International Conference on Service-Oriented Computing
               and Applications, {SOCA} 2016, Macau, China, November 4-6, 2016},
  pages     = {44--51},
  year      = {2016},
  url       = {https://doi.org/10.1109/SOCA.2016.15},
  doi       = {10.1109/SOCA.2016.15}
}

@article{Anc16,
  author    = {Davide Ancona and
               Viviana Bono and
               Mario Bravetti and
               Joana Campos and
               Giuseppe Castagna and
               Pierre{-}Malo Deni{\'{e}}lou and
               Simon J. Gay and
               Nils Gesbert and
               Elena Giachino and
               Raymond Hu and
               Einar Broch Johnsen and
               Francisco Martins and
               Viviana Mascardi and
               Fabrizio Montesi and
               Rumyana Neykova and
               Nicholas Ng and
               Luca Padovani and
               Vasco T. Vasconcelos and
               Nobuko Yoshida},
  title     = {{Behavioral Types in Programming Languages}},
  journal   = {Foundations and Trends in Programming Languages},
  volume    = {3},
  number    = {2-3},
  pages     = {95--230},
  year      = {2016},
  url       = {https://doi.org/10.1561/2500000031},
  doi       = {10.1561/2500000031}
}


TODO: noch keine literaturnotizen vorhanden!
@book{Arm93,
  author    = {Joe Armstrong and
               Robert Virding and
               Mike Williams},
  title     = {{Concurrent programming in ERLANG}},
  publisher = {Prentice Hall},
  year      = {1993},
  isbn      = {978-0-13-285792-5}
}

@article{Bla13,
  author    = {Andrew P. Black},
  title     = {{Object-oriented programming: Some history, and challenges for the
               next fifty years}},
  journal   = {Inf. Comput.},
  volume    = {231},
  pages     = {3--20},
  year      = {2013},
  url       = {https://doi.org/10.1016/j.ic.2013.08.002},
  doi       = {10.1016/j.ic.2013.08.002}
}

@inproceedings{Bri87,
  author    = {Jean{-}Pierre Briot and
               Akinori Yonezawa},
  title     = {{Inheritance and Synchronization in Concurrent OOP}},
  booktitle = {ECOOP'87 European Conference on Object-Oriented Programming, Paris,
               France, June 15-17, 1987, Proceedings},
  pages     = {32--40},
  year      = {1987},
  url       = {https://doi.org/10.1007/3-540-47891-4_4},
  doi       = {10.1007/3-540-47891-4_4}
}

@book{But14,
  title     = {{Seven Concurrency Models in Seven Weeks: When Threads Unravel}},
  author    = {Paul Butcher},
  year      = {2014},
  publisher = {Pragmatic Bookshelf},
  isbn      = {978-1-93778-565-9}
}

@article{Che17,
  author    = {Natalia Chechina and
               Kenneth MacKenzie and
               Simon J. Thompson and
               Phil Trinder and
               Olivier Boudeville and
               Viktoria Ford{\'{o}}s and
               Csaba Hoch and
               Amir Ghaffari and
               Mario Moro Hernandez},
  title     = {{Evaluating Scalable Distributed Erlang for Scalability and Reliability}},
  journal   = {{IEEE} Trans. Parallel Distrib. Syst.},
  volume    = {28},
  number    = {8},
  pages     = {2244--2257},
  year      = {2017},
  url       = {https://doi.org/10.1109/TPDS.2017.2654246},
  doi       = {10.1109/TPDS.2017.2654246}
}


TODO: da jetzt offiziell publiziert, das k√ºrzel von DGL16 zu DGL17 umbenennen
@incollection{Dra17a,
  author    = {Nicola Dragoni and
               Saverio Giallorenzo and
               Alberto Lluch{-}Lafuente and
               Manuel Mazzara and
               Fabrizio Montesi and
               Ruslan Mustafin and
               Larisa Safina},
  title     = {{Microservices: yesterday, today, and tomorrow}},
  booktitle = {Present and Ulterior Software Engineering.},
  pages     = {195--216},
  year      = {2017},
  url       = {https://doi.org/10.1007/978-3-319-67425-4_12},
  doi       = {10.1007/978-3-319-67425-4_12}
}

@article{Dra17b,
  author    = {Nicola Dragoni and
               Ivan Lanese and
               Stephan Thordal Larsen and
               Manuel Mazzara and
               Ruslan Mustafin and
               Larisa Safina},
  title     = {{Microservices: How To Make Your Application Scale}},
  journal   = {CoRR},
  volume    = {abs/1702.07149},
  year      = {2017},
  url       = {http://arxiv.org/abs/1702.07149},
  archivePrefix = {arXiv},
  eprint    = {1702.07149}
}

@masterthesis{Erb12,
  title    = {{Concurrent Programming for Scalable Web Architectures}},
  author   = {Benjamin Erb},
  school   = {Institute of Distributed Systems, Ulm University},
  year     = {2012},
  type     = {Diploma Thesis},
  keywords = {web, scalability, architecture, concurrency},
  month    = {April},
  number   = {VS-D01-2012},
  url      = {http://www.benjamin-erb.de/thesis},
  annote   = {}
}

@misc{Fow14,
  title        = {Microservices},
  author       = {Fowler, Martin and Lewis, James},
  year         = {2014 (accessed April 2, 2017)},
  howpublished = "\url{http://martinfowler.com/articles/microservices.html}",
  annote       = {}
}

@inproceedings{Fra17,
  author    = {Paolo Di Francesco},
  title     = {{Architecting Microservices}},
  booktitle = {2017 {IEEE} International Conference on Software Architecture Workshops,
               {ICSA} Workshops 2017, Gothenburg, Sweden, April 5-7, 2017},
  pages     = {224--229},
  year      = {2017},
  url       = {https://doi.org/10.1109/ICSAW.2017.65},
  doi       = {10.1109/ICSAW.2017.65}
}

@article{Gho12,
  author    = {Debasish Ghosh and
               Justin Sheehy and
               Kresten Krab Thorup and
               Steve Vinoski},
  title     = {Programming language impact on the development of distributed systems},
  journal   = {J. Internet Services and Applications},
  volume    = {3},
  number    = {1},
  pages     = {23--30},
  year      = {2012},
  url       = {https://doi.org/10.1007/s13174-011-0042-y},
  doi       = {10.1007/s13174-011-0042-y}
}

@article{Giv14,
  author    = {Edward Givelberg},
  title     = {{Object-Oriented Parallel Programming}},
  journal   = {CoRR},
  volume    = {abs/1404.4666},
  year      = {2014},
  url       = {http://arxiv.org/abs/1404.4666},
  archivePrefix = {arXiv},
  eprint    = {1404.4666}
}

@article{Gue99,
  author    = {Zahia Guessoum and
               Jean{-}Pierre Briot},
  title     = {{From Active Objects to Autonomous Agents}},
  journal   = {{IEEE} Concurrency},
  volume    = {7},
  number    = {3},
  pages     = {68--76},
  year      = {1999},
  url       = {https://doi.org/10.1109/4434.788781},
  doi       = {10.1109/4434.788781}
}

@inproceedings{Has16,
  author    = {Sara Hassan and
               Rami Bahsoon},
  title     = {{Microservices and Their Design Trade-Offs: {A} Self-Adaptive Roadmap}},
  booktitle = {{IEEE} International Conference on Services Computing, {SCC} 2016,
               San Francisco, CA, USA, June 27 - July 2, 2016},
  pages     = {813--818},
  year      = {2016},
  url       = {https://doi.org/10.1109/SCC.2016.113},
  doi       = {10.1109/SCC.2016.113}
}

@article{Kil16,
  author    = {Tom Killalea},
  title     = {{The Hidden Dividends of Microservices}},
  journal   = {Commun. {ACM}},
  volume    = {59},
  number    = {8},
  pages     = {42--45},
  year      = {2016},
  url       = {http://doi.acm.org/10.1145/2948985},
  doi       = {10.1145/2948985}
}

@inproceedings{Lam83,
  author    = {Butler W. Lampson},
  title     = {Hints for Computer System Design},
  booktitle = {Proceedings of the Ninth {ACM} Symposium on Operating System Principles,
               {SOSP} 1983, Bretton Woods, New Hampshire, USA, October 10-13, 1983},
  pages     = {33--48},
  year      = {1983},
  url       = {http://doi.acm.org/10.1145/800217.806614},
  doi       = {10.1145/800217.806614}
}

@article{Lav95,
    author  = {R. Greg Lavender and Douglas C. Schmidt},
    title   = {{Active Object -- An Object Behavioral Pattern for Concurrent Programming}},
    year    = {1995},
    publisher = {Citeseer}
}

@article{Maz16,
  author    = {Manuel Mazzara and
               Ruslan Mustafin and
               Larisa Safina and
               Ivan Lanese},
  title     = {{Towards Microservices and Beyond: An incoming Paradigm Shift in Distributed
               Computing}},
  journal   = {CoRR},
  volume    = {abs/1610.01778},
  year      = {2016},
  url       = {http://arxiv.org/abs/1610.01778},
  archivePrefix = {arXiv},
  eprint    = {1610.01778}
}

@article{McK17,
  author    = {Paul E. McKenney},
  title     = {{Is Parallel Programming Hard, And, If So, What Can You Do About It?
               (v2017.01.02a)}},
  journal   = {CoRR},
  volume    = {abs/1701.00854},
  year      = {2017},
  url       = {http://arxiv.org/abs/1701.00854},
  archivePrefix = {arXiv},
  eprint    = {1701.00854}
}

@book{Mey97,
  author    = {Bertrand Meyer},
  title     = {{Object-Oriented Software Construction, 2nd Edition}},
  publisher = {Prentice-Hall},
  year      = {1997},
  isbn      = {0-13-629155-4}
}

@masterthesis{Mon10,
  author = {Fabrizio Montesi},
  title  = {{JOLIE: a Service-oriented Programming Language}},
  school = {University of Bologna},
  year   = {2010},
  note    = {\url{http://www.fabriziomontesi.com/files/m10.pdf}}
}

@phdthesis{Mon13,
  author    = {Fabrizio Montesi},
  title     = {{Choreographic Programming}},
  school    = {IT University of Copenhagen},
  type      = {Ph.{D}. Thesis},
  year      = {2013},
  note      = {\url{http://www.fabriziomontesi.com/files/choreographic_programming.pdf}}
}

@incollection{Mon14,
  author    = {Fabrizio Montesi and
               Claudio Guidi and
               Gianluigi Zavattaro},
  title     = {{Service-Oriented Programming with Jolie}},
  booktitle = {Web Services Foundations},
  pages     = {81--107},
  year      = {2014},
  url       = {https://doi.org/10.1007/978-1-4614-7518-7_4},
  doi       = {10.1007/978-1-4614-7518-7_4}
}

@article{Mon16a,
  author    = {Fabrizio Montesi and
               Janine Weber},
  title     = {{Circuit Breakers, Discovery, and API Gateways in Microservices}},
  journal   = {CoRR},
  volume    = {abs/1609.05830},
  year      = {2016},
  url       = {http://arxiv.org/abs/1609.05830},
  archivePrefix = {arXiv},
  eprint    = {1609.05830}
}

@article{Mon16b,
  author    = {Fabrizio Montesi},
  title     = {{Process-aware web programming with Jolie}},
  journal   = {Sci. Comput. Program.},
  volume    = {130},
  pages     = {69--96},
  year      = {2016},
  url       = {https://doi.org/10.1016/j.scico.2016.05.002},
  doi       = {10.1016/j.scico.2016.05.002}
}

@inproceedings{Mon17,
  author    = {Fabrizio Montesi and
               Dan Sebastian Thrane},
  title     = {{Packaging Microservices}},
  booktitle = {Distributed Applications and Interoperable Systems - 17th {IFIP} {WG}
               6.1 International Conference, {DAIS} 2017, Held as Part of the 12th
               International Federated Conference on Distributed Computing Techniques,
               DisCoTec 2017, Neuch{\^{a}}tel, Switzerland, June 19-22, 2017, Proceedings},
  pages     = {131--137},
  year      = {2017},
  url       = {https://doi.org/10.1007/978-3-319-59665-5_9},
  doi       = {10.1007/978-3-319-59665-5_9}
}

@book{New15,
  author    = {Sam Newman},
  title     = {{Building Microservices: Designing Fine-Grained Systems, 1st Edition}},
  publisher = {O'Reilly},
  year      = {2015},
  isbn      = {978-1491950357}
}

@techreport{OBr05,
  title       = {{Quality Attributes and Service-Oriented Architectures}},
  author      = {Liam O'Brien and 
                 Len Bass and 
                 Paulo F. Merson},
  year        = {2005},
  institution = {Carnegie Mellon University, Software Engineering Institute},
  month       = {09},
  url         = {http://repository.cmu.edu/cgi/viewcontent.cgi?article=1440&context=sei}
}

@article{Par72,
  author    = {David Lorge Parnas},
  title     = {{On the Criteria To Be Used in Decomposing Systems into Modules}},
  journal   = {Commun. {ACM}},
  volume    = {15},
  number    = {12},
  pages     = {1053--1058},
  year      = {1972},
  url       = {http://doi.acm.org/10.1145/361598.361623},
  doi       = {10.1145/361598.361623}
}

@inproceedings{Pet16,
  author    = {Arthur Michener Peters and
               David Kitchin and
               John A. Thywissen and
               William R. Cook},
  title     = {{OrcO: A Concurrency-First Approach to Objects}},
  booktitle = {Proceedings of the 2016 {ACM} {SIGPLAN} International Conference on
               Object-Oriented Programming, Systems, Languages, and Applications,
               {OOPSLA} 2016, part of {SPLASH} 2016, Amsterdam, The Netherlands,
               October 30 - November 4, 2016},
  pages     = {548--567},
  year      = {2016},
  url       = {http://doi.acm.org/10.1145/2983990.2984022},
  doi       = {10.1145/2983990.2984022}
}

TODO fragen ob ich da ein PDF bekomme
@Book{Pun00,
  title     = {{Concurrent Object-Oriented Programming with Process Types}},
  author    = {Franz Puntigam},
  publisher = {{Der Andere Verlag}},
  year      = 2000,
  address   = {Osnabr{\"u}ck, Germany},
  annote    = {}
}

@book{Ray03,
  title     = {{The Art of UNIX Programming}},
  author    = {Raymond, Eric S},
  year      = {2003},
  publisher = {Addison-Wesley Professional},
  isbn      = {978-0131429017},
  annote    = {}
}

@techreport{RGO06,
  title       = {{Fallacies of Distributed Computing Explained}},
  author      = {Arnon Rotem-Gal-Oz and
                 James Gosling and
                 L. Peter Deutsch},
  year        = {2006},
  institution = {Sun Microsystems},
  url         = {http://www.rgoarchitects.com/Files/fallacies.pdf}
}

@article{Sha17a,
  author    = {Dharmendra Shadija and
               Mo Rezai and
               Richard Hill},
  title     = {{Microservices: Granularity vs. Performance}},
  journal   = {CoRR},
  volume    = {abs/1709.09242},
  year      = {2017},
  url       = {http://arxiv.org/abs/1709.09242},
  archivePrefix = {arXiv},
  eprint    = {1709.09242}
}

@article{Sha17b,
  author    = {Dharmendra Shadija and
               Mo Rezai and
               Richard Hill},
  title     = {{Towards an Understanding of Microservices}},
  journal   = {CoRR},
  volume    = {abs/1709.06912},
  year      = {2017},
  url       = {http://arxiv.org/abs/1709.06912},
  archivePrefix = {arXiv},
  eprint    = {1709.06912}
}


@article{Sny93,
  author    = {Alan Snyder},
  title     = {{The Essence of Objects: Concepts and Terms}},
  journal   = {{IEEE} Software},
  volume    = {10},
  number    = {1},
  pages     = {31--42},
  year      = {1993},
  url       = {https://doi.org/10.1109/52.207219},
  doi       = {10.1109/52.207219}
}

@misc{SSRB00,
  title     = {{Pattern-Oriented Software Architecture: Patterns for Concurrent and 
                Networked Objects}},
  author    = {Douglas C Schmidt and 
               Michael Stal and 
               Hans Rohnert and
               Frank Buschmann},
  year      = {2000},
  publisher = {New York, NY: Wiley \& Sons},
  annote    = {}
}

@article{Vin07,
  author    = {Steve Vinoski},
  title     = {{Concurrency with Erlang}},
  journal   = {{IEEE} Internet Computing},
  volume    = {11},
  number    = {5},
  pages     = {90--93},
  year      = {2007},
  url       = {https://doi.org/10.1109/MIC.2007.104},
  doi       = {10.1109/MIC.2007.104}
}

@inproceedings{Xia16,
  author    = {Zhongxiang Xiao and
               Inji Wijegunaratne and
               Xinjian Qiang},
  title     = {{Reflections on SOA and Microservices}},
  booktitle = {4th International Conference on Enterprise Systems, {ES} 2016, Melbourne,
               Australia, November 2-3, 2016},
  pages     = {60--67},
  year      = {2016},
  url       = {https://doi.org/10.1109/ES.2016.14},
  doi       = {10.1109/ES.2016.14}
}

@inproceedings{Xu16,
  author    = {ChengZhi Xu and
               Hong Zhu and
               Ian Bayley and
               David E. Lightfoot and
               Mark Green and
               Peter Marshall},
  title     = {{CAOPLE: A Programming Language for Microservices SaaS}},
  booktitle = {2016 {IEEE} Symposium on Service-Oriented System Engineering, {SOSE}
               2016, Oxford, United Kingdom, March 29 - April 2, 2016},
  pages     = {34--43},
  year      = {2016},
  crossref  = {DBLP:conf/sose/2016},
  url       = {https://doi.org/10.1109/SOSE.2016.46},
  doi       = {10.1109/SOSE.2016.46}
}

@inproceedings{Yon86,
  author    = {Akinori Yonezawa and
               Jean{-}Pierre Briot and
               Etsuya Shibayama},
  title     = {{Object-oriented concurrent programming ABCL/1}},
  booktitle = {Conference on Object-Oriented Programming Systems, Languages, and
               Applications (OOPSLA'86), Portland, Oregon, Proceedings.},
  pages     = {258--268},
  year      = {1986},
  url       = {http://doi.acm.org/10.1145/28697.28722},
  doi       = {10.1145/28697.28722}
}

@inproceedings{Yon14,
  author    = {Akinori Yonezawa},
  title     = {{My Early Education and Concurrent Objects}},
  booktitle = {Concurrent Objects and Beyond - Papers dedicated to Akinori Yonezawa
               on the Occasion of His 65th Birthday},
  pages     = {1--17},
  year      = {2014},
  url       = {https://doi.org/10.1007/978-3-662-44471-9_1},
  doi       = {10.1007/978-3-662-44471-9_1},
  annote    = {In this Festschrift, he is telling the interresting story about his education.
               Some characters appear that are well known for their concurrency research as well.
               In Part 2 he is giving some explinations about his understanding of Concurrent
               Objects, and how it differes from the understanding of others.}
}

TODO: das PDF organisieren (schwer zu kriegen!)
@article{YT86,
  title     = {{Object-Oriented Concurrent Programming}},
  author    = {Yonezawa, Akinori and Tokoro, Mario},
  year      = {1986},
  publisher = {The MIT Press, Cambridge, MA},
  annote    = {}
}