@incollection{MGZ14,
  title={{Service-Oriented Programming with Jolie}},
  author={Montesi, Fabrizio and Guidi, Claudio and Zavattaro, Gianluigi},
  booktitle={Web Services Foundations},
  pages={81--107},
  year={2014},
  publisher={Springer}
}

@article{DGL16,
  title={{Microservices: yesterday, today, and tomorrow}},
  author={Dragoni, Nicola and Giallorenzo, Saverio and Lafuente, Alberto Lluch and Mazzara, Manuel and Montesi, Fabrizio and Mustafin, Ruslan and Safina, Larisa},
  journal={arXiv preprint arXiv:1606.04036},
  year={2016}
}

@article{DLL17,
  title={{Microservices: How To Make Your Application Scale}},
  author={Dragoni, Nicola and Lanese, Ivan and Larsen, Stephan Thordal and Mazzara, Manuel and Mustafin, Ruslan and Safina, Larisa},
  journal={arXiv preprint arXiv:1702.07149},
  year={2017}
}

@article{MMSL16,
  title={{Towards Microservices and Beyond: An incoming Paradigm Shift in Distributed Computing}},
  author={Mazzara, Manuel and Mustafin, Ruslan and Safina, Larisa and Lanese, Ivan},
  journal={arXiv preprint arXiv:1610.01778},
  year={2016}
}

@inproceedings{AAE16,
  title={{A Systematic Mapping Study in Microservice Architecture}},
  author={Alshuqayran, Nuha and Ali, Nour and Evans, Roger},
  booktitle={Service-Oriented Computing and Applications (SOCA), 2016 IEEE 9th International Conference on},
  pages={44--51},
  year={2016},
  organization={IEEE}
}

@misc{FL17,
	author = {Fowler, Martin and Lewis, James},
	title = {Microservices},
	year = {2014 (accessed April 2, 2017)},
	howpublished = "\url{http://martinfowler.com/articles/microservices.html}"}
}

@article{Sny93,
  title={{The Essence of Objects: Concepts and Terms}},
  author={Snyder, Alan},
  journal={IEEE software},
  volume={10},
  number={1},
  pages={31--42},
  year={1993},
  publisher={IEEE}
}

@article{Bla13,
  title={{Object-oriented programming: Some history, and challenges for the next fifty years}},
  author={Black, Andrew P},
  journal={Information and Computation},
  volume={231},
  pages={3--20},
  year={2013},
  publisher={Elsevier}
}

@article{Agh90,
  title={{Concurrent Object-Oriented Programming}},
  author={Agha, Gul},
  journal={Communications of the ACM},
  volume={33},
  number={9},
  pages={125--141},
  year={1990},
  publisher={ACM}
}

@article{LS95,
  title={{Active Object--an Object Behavioral Pattern for Concurrent Programming}},
  author={Lavender, R Greg and Schmidt, Douglas C},
  year={1995},
  publisher={Citeseer}
}

@article{CLG17,
 title = {Evaluating Scalable Distributed Erlang for Scalability and Reliability},
 author = {Natalia Chechina and Huiqing Li and Amir Ghaffari and Simon Thompson and Phil Trinder},
 journal = {Journal of Parallel and Distributed Computing},
 volume = {90-91},
 number = {Natalia Chechina, Kenneth MacKenzie, Simon Thompson, Phil Trinder, Olivier Boudeville, Viktoria Fordos, Csaba Hoch, Amir Ghaffari, Mario Moro Hernandez},
 pages = {},
 year = {2017},
 issn = {},
 doi = {http://dx.doi.org/10.1109/TPDS.2017.2654246},
 url = {http://ieeexplore.ieee.org/document/7820204/},
}

@article{Vin07,
  title={{Concurrency with Erlang}},
  author={Vinoski, Steve},
  journal={IEEE Internet Computing},
  volume={11},
  number={5},
  year={2007},
  publisher={IEEE}
}

@article{Giv14,
  title={{Object-Oriented Parallel Programming}},
  author={Givelberg, Edward},
  journal={arXiv preprint arXiv:1404.4666},
  year={2014}
}

@inproceedings{PKTC16,
  title={{OrcO: A Concurrency-First Approach to Objects}},
  author={Peters, Arthur Michener and Kitchin, David and Thywissen, John A and Cook, William R},
  booktitle={Proceedings of the 2016 ACM SIGPLAN International Conference on Object-Oriented Programming, Systems, Languages, and Applications},
  pages={548--567},
  year={2016},
  organization={ACM}
}

@article{MW16,
  title={{Circuit Breakers, Discovery, and API Gateways in Microservices}},
  author={Montesi, Fabrizio and Weber, Janine},
  journal={arXiv preprint arXiv:1609.05830},
  year={2016}
}